@online{Mohazzabi,
    author    = "Mohazzabi, Pirooz",
    title     = "Damping of a Simple Pendulum Due to Drag on Its String",
    url       = "https://www.scirp.org/journal/paperinformation.aspx?paperid=73856",
}

@book{Stewart,
  title={Calculus Concepts and Contexts},
  author={James Stewart},
  isbn={1337687669},
  year={2018},
  publisher={Cengage Learning},
}